% Encoding: UTF-8
@string{p2bsmsp = "Proc. 2th Berkeley Symp. Math. Statist. Prob."}
@string{aa = "Appl. Anal."}
@string{aap = "Adv. Appl. Probab."}

@string{aje = "Aust. J. Ecol."}
@string{am = "Am. Nat."}
@string{biom = "Biom."}
@string{bios = "Biosci."}
@string{em = "Ecol. Model."}
@string{fee = "Front. Ecol. Environ."}
@string{je = "J. Ecol."}
@string{jene = "J. Ecol. Nat. Environ."}
@string{jmb = "J. Math. Biol."}
@string{jrss = "J. R. Statist. Soc."}
@string{jrssb = "J. R. Statist. Soc. B."}
@string{mb = "Math. Biosci."}
@string{mlsm = "Math. Life Sci. and Med."}
@string{nat = "Nat."}
@string{pre = "Phys. Rev. E"}
@string{wrr = "Water Resour. Res."}

@article{Andersen98,
    author = {Andersen, A N and Braithwaite, R W and Cook, G D and Corbett, L K and Williams, R J and Douglas, M M and Gill, A M and Setterfiel, S A and Muller, W J},
    year = 1998,
    title = {Fire research for conservation management in tropical savannas: introducing the Kapalga fire experiment.},
    journal = aje,
    volume = 23,
    pages = {95--110}
    }

@article{Besag74,
    author = {Besag, J E},
    year = 1974,
    title = "Spatial interaction and the statistical analysis of lattice systems (with Discussion)",
    journal = jrssb,
    volume = 36,
    pages = {192--236}
    }

@article{Downham73,
    author = {Downham, D Y and Morgan, R K B},
    year = 1973,
    title = "Growth of abnormal cells",
    journal = nat,
    volume = 242,
    pages = {528--530}
    }

@article{Eden61,
    author = {Eden, M A},
    year = 1961,
    title = "A two-dimensional growth process",
    journal = p2bsmsp,
    volume = 4,
    pages = {223--239}
    }

@article{Furter89,
    author = {Furter, J and Grinfeld, M},
    year = 1989,
    title = "Local vs. non-local interactions in population dynamics",
    journal = jmb,
    volume = 27,
    pages = {65--80}
    }

@misc{HananNSF,
    author = "Hanan, N P and Demb�l�, F and Karemb�, M",
    year = 2009,
    title = "The sahelian savanna disturbance experiment",
    note = "NSF proposal"
    }

@misc{HananNASA,
    author = "Hanan, N P and Laport, N and Prihodko, L and Saatchi, S and Parton, W and Berry, J A and Denning, A S and Jacobson, A",
    year = 2009,
    title = "African Carbon Exchange II: a systems approach for diagnosis and prediction of carbon, vegetation and disturbance dynamics in the natural and anthropogenic grasslands savannas and forests of Africa",
    note = "NASA proposal"
    }

@article{Hanan08,
    author = "Hanan, N P and Sea, W B, and Dangelmayr, G and Govender, N",
    year = 2008,
    title = "Do fires in savannas consume woody biomass?  A comment on approaches to modeling savanna dynamics",
    journal = am,
    volume = 171,
    pages = {851--856}
    }

@article{Higgens00,
    author = "Higgens, S I and Bond, W J and Trollope, W S W",
    year = 2000,
    title = "Fire, resprouting and variability: a recipe for grass-tree coexistence in savanna",
    journal = je,
    volume = 88,
    pages = {213--229}
    }

@book{Keller09,
    editor = "Keller, R P and Lodge, D M and Lewis, M A and Shogren, J F",
    year = 2009,
    title = "Bioeconomics of Invasive Species: Integrating Ecology, Economics, Policy, and Management",
    publisher = "Oxford UP"
    }

@article{Kot86,
    author = "Kot, M and Schaffer, W M",
    year = 1986,
    title = "Discrete-time growth-dispersal models",
    journal = mb,
    volume = 80,
    pages = {109--136}
    }

@article{Kumar09,
    author = "Kumar, S and Spaulding, S A and Stohlgren, T J and Hermann, K and Schmidt, T and Bahls, L",
    year = 2009,
    title = "Potential habitat distribution for the freshwater diatom \emph{didymosphenia geminata} in the continental US",
    journal = fee,
    volume = 7,
    number = 8,
    pages = {415--420}
    }

@article{Kumar09-2,
    author = "Kumar, S and Stohlgren, T J",
    year = 2009,
    title = "Maxent modeling for predicting suitable habitat for threatened and endangered tree \emph{canacomyrica monticola} in New Caledonia",
    journal = jene,
    volume = 1,
    number = 4,
    pages = {94--98}
    }

@article{Liedloff07,
    author = "Liedloff, A C and Cook, G D",
    year = 2007,
    title = "Modelling the effects of rainfall variability and fire on tree populations in an Australian tropical savanna with the FLAMES simulation model",
    journal = em,
    volume = 201,
    pages = {269--282}
    }

@article{Lutscher10,
    author = "Lutscher, F",
    year = 2010,
    title = "Nonlocal dispersal and averaging in heterogeneous landscapes",
    journal = aa,
    volume = 89,
    number = 7,
    pages = {1091--1108}
    }

@article{Maruvka06,
    author = "Maruvka, Y E and Shnerb, N M",
    year = 2006,
    title = "Nonlocal competition and logistic growth: patterns, defects, and fronts",
    journal = pre,
    volume = 73,
    pages = {1--12}
    }

@article{Medlock03,
    author = "Medlock, J and Kot, M",
    year = 2003,
    title = "Spreading disease: integro-differential equations old and new",
    journal = mb,
    volume = 184,
    pages = {201--222}
    }

@article{Mollison72,
    author = "Mollison, D",
    year = 1972,
    title = "Possible velocities for a simple epidemic",
    journal = aap,
    volume = 4,
    pages = {233--257}
    }

@article{Mollison77,
    author = "Mollison, D",
    year = 1977,
    title = "Spatial contact models for ecological and epidemic spread",
    journal = jrss,
    volume = 39,
    number = 3,
    pages = {283--326}
    }

@book{Okubo01,
    author = "Okubo, A and Levin, S A",
    year = 2001,
    title = "Diffusion and ecological problems",
    publisher = "Springer-Verlag",
    address = "New York, NY"
    }

@article{Richardson81,
    author = "Richardson, C W",
    year = 1981,
    title = "Stochastic Simulation of Daily Precipitation, Temperature, and Solar Radiation",
    journal = wrr,
    volume = 17,
    number = 1,
    pages = {182--190}
    }

@article{Ruan07,
    author = "Ruan, S",
    year = 2007,
    title = "Spatial-temporal dynamics in nonlocal epidemiological models",
    journal = mlsm,
    pages = {97--122}
    }

@article{Shigesada95,
    author = "Shigesada, N and Kawasaki, K and Takeda, Y",
    year = 1995,
    title = "Modeling stratified diffusion in biological invasions",
    journal = am,
    volume = 146,
    number = 2,
    pages = {229-251}
    }

@article{Skellam51,
    author = "Skellam, J G",
    year = 1951,
    title = "Random disperal in theoretical populations",
    journal = biom,
    volume = 38,
    number = 1,
    pages = {196--218}
    }

@Article{Strickland14,
  author  = {Strickland, C and Dangelmayr, G and Shipman, P},
  title   = {Modeling the presence probability of invasive plant species with nonlocal dispersal},
  journal = jmb,
  year    = {2014},
  volume  = {69},
  number  = {2},
  pages   = {267-294},
  doi     = {10.1007/s00285-013-0693-3},
}

@Article{Strickland16,
  author  = {Strickland, C. and Liedloff, A. and Cook, G. D. and Dangelmayr, G. and Shipman, P. D.},
  title   = {The role of water and fire in driving tree dynamics in Australian savannas},
  journal = {Journal of Ecology},
  year    = {2016},
  volume  = {104},
  number  = {3},
  pages   = {828-840},
}

@Article{Strickland15,
  author  = {Strickland, C and Dangelmayr, G. and Shipman, P. D. and Kumar, S. and Stohlgren, T. J.},
  title   = {Network spread of invasive species and infectious diseases},
  journal = {Ecological Modelling},
  year    = {2015},
  volume  = {309-310},
  pages   = {1-9},
}

@article{Venette10,
    author = "Venette, R C and Kriticos, D J and Magarey, R D and Koch, F H and Baker, R H A and Worner, S P, and G\`{o}mez Raboteaux, N N and McKenny, D W and Dobesberger, E J and Yemshanov, D and De Barro, P J and Hutchinson, W D and Fowler, G and Kalaris, T M and Pedlar, J",
    year = 2010,
    title = "Pest risk maps for invasive alien species: a roadmap for improvement",
    journal = bios,
    volume = 60,
    number = 5,
    pages = {349--362}
    }

@Article{Shipman13,
  author  = {Shipman, P. D. and Faria, S. H. and Strickland, C.},
  title   = {Towards a continuous population model for natural language vowel shift},
  journal = {Journal of Theoretical Biology},
  year    = {2013},
  volume  = {332},
  pages   = {123-135},
}

@Unpublished{Strickland_review,
  author = {Strickland, C. and Bourbouiba, L. and Brown, C. S. and Childs, L. M. and Ho, A. M. and Jenkins, E. W. and Kristensen, N. P. and Kumar, S. and Pasour, V. and Samson, J. E. and Shipman, P. D. and Taylor, D. and Waldrop, L. and Zhu, L. and Miller, L. A.},
  title  = {The fluid physics of long distance dispersal and its significance to ecology and epidemiology},
  note   = {Under revision for resubmission},
}

@Unpublished{Strickland_parasitoids,
  author = {Strickland, C. and Kristensen, N. P. and Miller, L. A.},
  title  = {Modelling parasitoid wasp dispersal from point release},
  note   = {In preparation},
}

@Unpublished{Strickland_macrophyte,
  author = {Strickland, C. and Pasour, V. and Miller, L. A.},
  title  = {Low Reynolds number flow near leaves, branches, and trichomes},
  note   = {In preparation},
}

@InProceedings{MatlabMPI,
  author       = {Kepner, J.},
  title        = {Parallel Programming with MatlabMPI},
  booktitle    = {Proceedings of the High Performance Embedded Computing (HPEC 2001) workshop},
  year         = {2001},
  address      = {Lexington, MA},
  month        = {September},
  organization = {MIT Lincoln Laboratory},
  journal      = {Proceedings of the High Performance Embedded Computing (HPEC 2001) workshop},
}

@Article{Kristensen13,
  author     = {Kristensen, Nadiah P and De Barro, Paul J and Schellhorn, Nancy A},
  title      = {{The initial dispersal and spread of an intentional invader at three spatial scales}},
  journal    = {PLOS ONE},
  year       = {2013},
  volume     = {8},
  number     = {5},
  pages      = {e62407},
  bdsk-url-1 = {http://dx.doi.org/10.1371/journal.pone.0062407},
  doi        = {10.1371/journal.pone.0062407},
  publisher  = {Public Library of Science},
  url        = {http://dx.doi.org/10.1371/journal.pone.0062407},
}

@Article{Kristensen13a,
  author     = {Nadiah P. Kristensen and Nancy A. Schellhorn and Andrew D. Hulthen and Lynita J. Howie and Paul J. De Barro},
  title      = {{Wind-borne dispersal of a parasitoid: The process, the model, and its validation}},
  journal    = {Environ. Entomol.},
  year       = {2013},
  volume     = {42},
  number     = {6},
  pages      = {1137--1148},
  month      = {dec},
  bdsk-url-1 = {http://dx.doi.org/10.1603/en12243},
  doi        = {10.1603/en12243},
  publisher  = {Oxford University Press ({OUP})},
  url        = {http://dx.doi.org/10.1603/en12243},
}

@Article{pycuda,
  author  = {{Kl{\"o}ckner}, Andreas and {Pinto}, Nicolas and {Lee}, Yunsup and {Catanzaro}, B. and {Ivanov}, Paul and {Fasih}, Ahmed},
  title   = {{PyCUDA and PyOpenCL: A Scripting-Based Approach to GPU Run-Time Code Generation}},
  journal = {Parallel Computing},
  year    = {2012},
  volume  = {38},
  number  = {3},
  pages   = {157--174},
  doi     = {10.1016/j.parco.2011.09.001},
  issn    = {0167-8191},
}

@Unpublished{Pearson16,
  author = {Pearson, D. A. and Strickland, C. and Shipman, P. D.},
  title  = {Formation of square lattices in pattern-forming systems},
  note   = {Submitted},
}

@Unpublished{Battista16,
  author = {Battista, N. and Strickland, C. and Miller, L. A.},
  title  = {An easy to use immersed boundary method in 2D, with multiple options for fiber-structure models with possibile porosity, advection-diffusion, and/or articifical forcing},
  note   = {Submitted},
}

@InProceedings{pandas,
  author    = {Wes McKinney},
  title     = {Data Structures for Statistical Computing in Python},
  booktitle = {Proceedings of the 9th Python in Science Conference},
  year      = {2010},
  editor    = {St\'efan van der Walt and Jarrod Millman},
  pages     = {51 - 56},
}

@Comment{jabref-meta: databaseType:bibtex;}
